<?xml version="1.0" encoding="UTF-8"?><record xmlns="http://www.loc.gov/MARC21/slim" xmlns:cinclude="http://apache.org/cocoon/include/1.0" xmlns:zs="http://www.loc.gov/zing/srw/">
  <leader>00462cz  a2200133n  4500</leader>
  <controlfield tag="001">n  50070220 </controlfield>
  <controlfield tag="003">DLC</controlfield>
  <controlfield tag="005">20090212075550.0</controlfield>
  <controlfield tag="008">801205n| acannaabn          |n ana      </controlfield>
  <datafield tag="010" ind1=" " ind2=" ">
    <subfield code="a">n  50070220 </subfield>
  </datafield>
  <datafield tag="035" ind1=" " ind2=" ">
    <subfield code="a">(OCoLC)oca00104257</subfield>
  </datafield>
  <datafield tag="040" ind1=" " ind2=" ">
    <subfield code="a">DLC</subfield>
    <subfield code="b">eng</subfield>
    <subfield code="c">DLC</subfield>
    <subfield code="d">DLC</subfield>
    <subfield code="d">OCoLC</subfield>
  </datafield>
  <datafield tag="110" ind1="1" ind2=" ">
    <subfield code="a">Hungary.</subfield>
    <subfield code="b">Központi Statisztikai Hivatal.</subfield>
    <subfield code="b">Iparstatisztikai Főosztály.</subfield>
    <subfield code="b">Módszertani és Elemzési Osztály</subfield>
  </datafield>
  <datafield tag="670" ind1=" " ind2=" ">
    <subfield code="a">Its Az állami iparban foglalkoztatott munkások, 1971.</subfield>
  </datafield>
</record>